@BOOK{ANTLR4,
  title = {The Definitive ANTLR 4 Reference},
  publisher = {The Pragmatic Bookshelf},
  year = {2013},
  author = {Terence Parr},
  isbn = {978-1-93435-699-9}
}
