@misc{MPS,
	title = {{JetBrains MPS}},
	key = {JetBrains},
	year = {2016},
	howpublished = {www.jetbrains.com/mps/}
}

@misc{BaseLang,
	title = {{BaseLang} language},
	key = {BaseLang},
	year = {2016},
	howpublished = {https://confluence.jetbrains.com/display/MPSD34/Base+Language}
}

@misc{mbeddr,
	title = {mbeddr},
	key = {mbeddr},
	year = {2016},
	howpublished = {mbeddr.com/}
}

@BOOK{ANTLR4,
	title = {The Definitive ANTLR 4 Reference},
	publisher = {The Pragmatic Bookshelf},
	year = {2013},
	author = {Terence Parr},
	isbn = {978-1-93435-699-9}
}